@online{Lakham2024,
  author  = {A.I Hub},
  title   = {Decoding the Black Box: Transformer model interpretability and experimental visualization},
  year    = {2024},
  month   = {Aug},
  day     = {16},
  url     = {https://yashvaantlakham73.medium.com/decoding-the-black-box-3e608417a1e1},
  note    = {Medium blog post}
}

@article{rai2024practical,
  author  = {Rai, Daking and Zhou, Yilun and Feng, Shi and Saparov, Abulhair and Yao, Ziyu},
  title   = {A Practical Review of Mechanistic Interpretability for Transformer‚ÄêBased Language Models},
  journal = {arXiv preprint arXiv:2407.02646},
  year    = {2024},
  doi     = {10.48550/arXiv.2407.02646},
  url     = {https://arxiv.org/abs/2407.02646}
}

@article{Firouzjaee2024,
  author  = {Firouzjaee, Javad T. and Khaliliyan, Pouriya},
  title   = {The Interpretability of LSTM Models for Predicting Oil Company Stocks: Impact of Correlated Features},
  journal = {International Journal of Energy Research},
  year    = {2024},
  volume  = {2024},
  pages   = {5526692},
  doi     = {10.1155/2024/5526692},
  url     = {https://onlinelibrary.wiley.com/doi/10.1155/2024/5526692}
}

@online{Grigg2019,
  author  = {Grigg, Tom},
  title   = {Interpretability and Random Forests},
  year    = {2019},
  month   = {Apr},
  day     = {8},
  url     = {https://medium.com/data-science/interpretability-and-random-forests-4fe13a79ae34},
  note    = {Towards Data Science blog post}
}
